

@article{solveQMann,
	author={Giuseppe Carleo and Matthias Troyer},
	title={Solving the Quantum Many-Body Problem with Artificial Neural Networks},
	journal={Science},
	year=2017
}

@article{gausbinRBM,
	author={Jan Melchior and Nan Wang and Laurenz Wiskott},
	title={Gaussian-binary Restricted Boltzmann Machines on Modeling Natural Image Statistics},
	journal={PLOS ONE},
	year=2017
}

@book{lectures2015,
	author={Morten Hjorh-Jensen},
	year={2015},
	title={Computational Physics Lecture Notes},
	publisher={University of Oslo Department of Physics}
}

@book{genlearnStanford,
	author={Andrew Yan-Tak Ng},
	year={2017},
	title={CS229 Lecture Notes Generative Learning Algorithms},
	publisher={Stanford University Department of Computer Science}	
}

@mastersthesis{jorgenthesis,
	author={Jørgen Høgberget},
	title={Quantum Monte-Carlo Studies of Generalized Many-Body Systems},
	school={University of Oslo},
	year={2013}
}

@book{bayeshoff,
	author={Peter D. Hoff},
	year={2009},
	title={A First Course in Bayesian Statistical Methods},
	publisher={SpringerScience+BusinessMedia}
}

@misc{upennBayes,
  author = {Mark Liberman and Stephen Isard},
  title = {Joint probability, conditional probability and Bayes' theorem},
  howpublished = {\url{http://www.ling.upenn.edu/courses/cogs501/Bayes1.html}},
  year = {2011}, 
  note = "[Online; accessed 07-December-2017]"
}
